<collection xmlns="http://www.loc.gov/MARC21/slim">
<record>
  <leader>04482nam0a2200649 i 450 </leader>
  <controlfield tag="001">IT\ICCU\CNCE\013681</controlfield>
  <controlfield tag="005">20071031000000.0</controlfield>
  <datafield tag="012" ind1=" " ind2=" ">
    <subfield code="a">a,57 65d. a.ex tuse (3) 1597 (R)</subfield>
    <subfield code="2">fei</subfield>
    <subfield code="9">1</subfield>
  </datafield>
  <datafield tag="012" ind1=" " ind2=" ">
    <subfield code="a">26de 2524 reis ac&amp;e (3) 1597 (R)</subfield>
    <subfield code="2">fei</subfield>
    <subfield code="9">2</subfield>
  </datafield>
  <datafield tag="100" ind1=" " ind2=" ">
    <subfield code="a">19970101d1597        0itac0103    ba</subfield>
  </datafield>
  <datafield tag="101" ind1=" " ind2=" ">
    <subfield code="a">LAT</subfield>
  </datafield>
  <datafield tag="102" ind1=" " ind2=" ">
    <subfield code="a">IT</subfield>
  </datafield>
  <datafield tag="200" ind1="1" ind2=" ">
    <subfield code="a">℗Didaci Couarruuias a Leyua Toletani episcopi Segobiensis, Philippi secundi Hispaniarum regis summo praefecti praetorio, ℗Omnia opera multo quam prius emendatiora, ac multis in locis auctiora: in duos diuisa tomos prior octo continet opuscola, posterior autem duo: quorum nomenclaturam in unoquoque tomo, proximo folio reperies. Ad finem appositus est rerum insignium index utrique tomo communis, et locupletissimus. Ea vero omnia, quae ab ipso auctore etiam Paulo ante obituum suum addita sunt, hactenus typismandata, in hac postrema omnium editione comprehensa, &amp; suis locis apposita, atque ideo nihil penitus deesse lector reperiet. Tomus primus \-secundus!</subfield>
  </datafield>
  <datafield tag="210" ind1=" " ind2=" ">
    <subfield code="a">Venetiis</subfield>
    <subfield code="c">apud haeredem Hieronymi Scoti</subfield>
    <subfield code="d">1597</subfield>
  </datafield>
  <datafield tag="215" ind1=" " ind2=" ">
    <subfield code="a">2 v.</subfield>
    <subfield code="d">fol</subfield>
  </datafield>
  <datafield tag="620" ind1=" " ind2=" ">
    <subfield code="a">IT</subfield>
    <subfield code="d">Venezia</subfield>
  </datafield>
  <datafield tag="700" ind1=" " ind2="1">
    <subfield code="a">Covarrubias y Leiva,</subfield>
    <subfield code="b">Diego</subfield>
    <subfield code="3">IT\ICCU\CNCA\003554</subfield>
  </datafield>
  <datafield tag="712" ind1="0" ind2="0">
    <subfield code="a">Scoto, Girolamo - erede</subfield>
    <subfield code="3">IT\ICCU\CNCT\000459</subfield>
    <subfield code="4">650</subfield>
  </datafield>
  <datafield tag="790" ind1=" " ind2="1">
    <subfield code="a">Covarruvias a Leyva,</subfield>
    <subfield code="b">Didacus</subfield>
    <subfield code="3">IT\ICCU\CNCA\013819</subfield>
    <subfield code="z">Covarrubias y Leiva, Diego</subfield>
  </datafield>
  <datafield tag="801" ind1=" " ind2="3">
    <subfield code="a">IT</subfield>
    <subfield code="b">ICCU</subfield>
    <subfield code="c">20201114</subfield>
  </datafield>
  <datafield tag="899" ind1=" " ind2=" ">
    <subfield code="a">Biblioteca comunale Tommaso Fazello. Sciacca</subfield>
    <subfield code="z">MUTILO</subfield>
    <subfield code="1">AG0042</subfield>
    <subfield code="2">AGR 23</subfield>
  </datafield>
  <datafield tag="899" ind1=" " ind2=" ">
    <subfield code="a">Biblioteca del Seminario vescovile. Osimo</subfield>
    <subfield code="1">AN0056</subfield>
    <subfield code="2">PBE D3</subfield>
  </datafield>
  <datafield tag="899" ind1=" " ind2=" ">
    <subfield code="a">Biblioteca diocesana di Altamura - Gravina - Acquaviva delle Fonti. Gravina di Puglia</subfield>
    <subfield code="1">BA0142</subfield>
    <subfield code="2">BA1 16</subfield>
  </datafield>
  <datafield tag="899" ind1=" " ind2=" ">
    <subfield code="a">Biblioteca comunale De Pace-Lombardi. Oria</subfield>
    <subfield code="1">BR0012</subfield>
    <subfield code="2">BRI PJ</subfield>
  </datafield>
  <datafield tag="899" ind1=" " ind2=" ">
    <subfield code="a">Biblioteca di Economia e Giurisprudenza dell&apos;Universit ̉degli Studi di Brescia. Brescia</subfield>
    <subfield code="1">BS0210</subfield>
    <subfield code="2">UBS EC</subfield>
  </datafield>
  <datafield tag="899" ind1=" " ind2=" ">
    <subfield code="a">Biblioteca universitaria. Cagliari</subfield>
    <subfield code="1">CA0194</subfield>
    <subfield code="2">CAG UC</subfield>
  </datafield>
  <datafield tag="899" ind1=" " ind2=" ">
    <subfield code="a">Biblioteca provinciale La Magna Capitana. Foggia</subfield>
    <subfield code="1">FG0046</subfield>
    <subfield code="2">FOG FG</subfield>
  </datafield>
  <datafield tag="899" ind1=" " ind2=" ">
    <subfield code="a">Biblioteca del Seminario arcivescovile maggiore. Firenze</subfield>
    <subfield code="1">FI0056</subfield>
    <subfield code="2">RT1 QM</subfield>
  </datafield>
  <datafield tag="899" ind1=" " ind2=" ">
    <subfield code="a">Biblioteca nazionale centrale. Firenze</subfield>
    <subfield code="1">FI0098</subfield>
    <subfield code="2">CFI CF</subfield>
  </datafield>
  <datafield tag="899" ind1=" " ind2=" ">
    <subfield code="a">Biblioteca statale del Monumento nazionale di Casamari. Veroli</subfield>
    <subfield code="1">FR0073</subfield>
    <subfield code="2">BVE CA</subfield>
  </datafield>
  <datafield tag="899" ind1=" " ind2=" ">
    <subfield code="a">Biblioteca del Seminario. Chiavari</subfield>
    <subfield code="1">GE0012</subfield>
    <subfield code="2">PBE M1</subfield>
  </datafield>
  <datafield tag="899" ind1=" " ind2=" ">
    <subfield code="a">Biblioteca civica Berio. Genova</subfield>
    <subfield code="1">GE0036</subfield>
    <subfield code="2">SGE BE</subfield>
  </datafield>
  <datafield tag="899" ind1=" " ind2=" ">
    <subfield code="a">Biblioteca comunale Chelliana. Grosseto</subfield>
    <subfield code="1">GR0012</subfield>
    <subfield code="2">RT1 FA</subfield>
  </datafield>
  <datafield tag="899" ind1=" " ind2=" ">
    <subfield code="a">Biblioteca regionale universitaria. Messina</subfield>
    <subfield code="z">MUTILO</subfield>
    <subfield code="1">ME0050</subfield>
    <subfield code="2">PAL BM</subfield>
  </datafield>
  <datafield tag="899" ind1=" " ind2=" ">
    <subfield code="a">Biblioteca Estense Universitaria. Modena</subfield>
    <subfield code="1">MO0089</subfield>
    <subfield code="2">MOD BE</subfield>
  </datafield>
  <datafield tag="899" ind1=" " ind2=" ">
    <subfield code="a">Biblioteca nazionale Vittorio Emanuele III. Napoli</subfield>
    <subfield code="1">NA0079</subfield>
    <subfield code="2">NAP BN</subfield>
  </datafield>
  <datafield tag="899" ind1=" " ind2=" ">
    <subfield code="a">Biblioteca della Societ ̉dei naturalisti in Napoli. Napoli</subfield>
    <subfield code="z">MUTILO</subfield>
    <subfield code="1">NA0098</subfield>
    <subfield code="2">ZNA 23</subfield>
  </datafield>
  <datafield tag="899" ind1=" " ind2=" ">
    <subfield code="a">Biblioteca di Castelcapuano. Napoli</subfield>
    <subfield code="1">NA0523</subfield>
    <subfield code="2">NAP DM</subfield>
  </datafield>
  <datafield tag="899" ind1=" " ind2=" ">
    <subfield code="a">Biblioteca del Convento dei frati minori. Penne</subfield>
    <subfield code="1">PE0016</subfield>
    <subfield code="2">ZPE 01</subfield>
  </datafield>
  <datafield tag="899" ind1=" " ind2=" ">
    <subfield code="a">Biblioteca comunale Giosu ̈Carducci. Citt ̉di Castello</subfield>
    <subfield code="1">PG0032</subfield>
    <subfield code="2">UM1 05</subfield>
  </datafield>
  <datafield tag="899" ind1=" " ind2=" ">
    <subfield code="a">Biblioteca comunale Sperelliana. Gubbio</subfield>
    <subfield code="1">PG0049</subfield>
    <subfield code="2">UM1 11</subfield>
  </datafield>
  <datafield tag="899" ind1=" " ind2=" ">
    <subfield code="a">Biblioteca centrale dell&apos;Universit ̉degli studi di Perugia. Perugia</subfield>
    <subfield code="1">PG0251</subfield>
    <subfield code="2">ZPG 08</subfield>
  </datafield>
  <datafield tag="899" ind1=" " ind2=" ">
    <subfield code="a">Biblioteca delle facolt ̉di Giurisprudenza e Scienze politiche dell&apos;Universit ̉degli studi di Urbino. Urbino</subfield>
    <subfield code="1">PU0127</subfield>
    <subfield code="2">URB AG</subfield>
  </datafield>
  <datafield tag="899" ind1=" " ind2=" ">
    <subfield code="a">Biblioteca comunale Giovanni Verga. Ragusa</subfield>
    <subfield code="1">RG0010</subfield>
    <subfield code="2">ZRG 04</subfield>
  </datafield>
  <datafield tag="899" ind1=" " ind2=" ">
    <subfield code="a">Biblioteca Vallicelliana. Roma</subfield>
    <subfield code="1">RM0281</subfield>
    <subfield code="2">RML 08</subfield>
  </datafield>
  <datafield tag="899" ind1=" " ind2=" ">
    <subfield code="a">Biblioteca statale del Monumento nazionale S. Scolastica. Subiaco</subfield>
    <subfield code="1">RM0602</subfield>
    <subfield code="2">BVE SU</subfield>
  </datafield>
  <datafield tag="899" ind1=" " ind2=" ">
    <subfield code="a">Biblioteca del Teresianum. Roma</subfield>
    <subfield code="z">MUTILO</subfield>
    <subfield code="1">RM0716</subfield>
    <subfield code="2">ZRM 46</subfield>
  </datafield>
  <datafield tag="899" ind1=" " ind2=" ">
    <subfield code="a">Biblioteca della Curia generale del Terzo ordine regolare di San Francesco. Roma</subfield>
    <subfield code="1">RM1425</subfield>
    <subfield code="2">RMS O6</subfield>
  </datafield>
  <datafield tag="899" ind1=" " ind2=" ">
    <subfield code="a">Biblioteca vescovile. Castellaneta</subfield>
    <subfield code="z">MUTILO</subfield>
    <subfield code="1">TA0001</subfield>
    <subfield code="2">ZTA 04</subfield>
  </datafield>
  <datafield tag="899" ind1=" " ind2=" ">
    <subfield code="a">Biblioteca civica Girolamo Tartarotti. Rovereto</subfield>
    <subfield code="1">TN0103</subfield>
    <subfield code="2">ZTN 08</subfield>
  </datafield>
  <datafield tag="899" ind1=" " ind2=" ">
    <subfield code="a">Fondazione Biblioteca S. Bernardino. Trento</subfield>
    <subfield code="1">TN0122</subfield>
    <subfield code="2">ZTN 18</subfield>
  </datafield>
  <datafield tag="899" ind1=" " ind2=" ">
    <subfield code="a">Biblioteca Diocesana Vigilianum. Trento</subfield>
    <subfield code="1">TN0132</subfield>
    <subfield code="2">ZTN 10</subfield>
  </datafield>
  <datafield tag="899" ind1=" " ind2=" ">
    <subfield code="a">Biblioteca civica Bertoliana. Vicenza</subfield>
    <subfield code="1">VI0096</subfield>
    <subfield code="2">VIA BE</subfield>
  </datafield>
  <datafield tag="899" ind1=" " ind2=" ">
    <subfield code="a">Biblioteca del Seminario vescovile. Vicenza</subfield>
    <subfield code="1">VI0101</subfield>
    <subfield code="2">PBE D1</subfield>
  </datafield>
  <datafield tag="899" ind1=" " ind2=" ">
    <subfield code="a">Biblioteca civica. Verona</subfield>
    <subfield code="1">VR0059</subfield>
    <subfield code="2">ZVR 02</subfield>
  </datafield>
  <datafield tag="911" ind1=" " ind2=" ">
    <subfield code="a">Sul front. tomus primus.</subfield>
    <subfield code="9">IT\ICCU\CNCM\001200</subfield>
  </datafield>
  <datafield tag="921" ind1=" " ind2=" ">
    <subfield code="a">IT\ICCU\CNCM\001200</subfield>
    <subfield code="b">Le *tre Grazie in un palmeto. In cornice.</subfield>
    <subfield code="e">Virtus in omni re dominatur.</subfield>
    <subfield code="c">Z694</subfield>
    <subfield code="d">Dimensioni: 10,5 x 12</subfield>
    <subfield code="f">GRAZIE</subfield>
    <subfield code="f">PALMETO</subfield>
    <subfield code="f">VIRTUSINOM</subfield>
    <subfield code="g">1595-1600</subfield>
  </datafield>
</record>
</collection>
